%Example Literature
@article{example,
  author = {Author, A. and Buthor, B. and Cuthor, C.},
  year = {2018},
  title = {Title of the article},
  journal = {Journal of Articles},
  volume = {1},
  number = {1},
  pages = {1--10},
  doi = {10.1234/5678}
}